<record><leader>00000cas a2200000 a 4500</leader><controlfield tag="001">11482950</controlfield><controlfield tag="008">841212d19791989cauin ne      0   a0eng c</controlfield><datafield ind1=" " ind2=" " tag="010"><subfield code="a">sn 84002133 </subfield></datafield><datafield ind1=" " ind2=" " tag="040"><subfield code="a">NSD</subfield><subfield code="b">eng</subfield><subfield code="c">NSD</subfield><subfield code="d">OCL</subfield><subfield code="d">NSD</subfield><subfield code="d">DLC</subfield><subfield code="d">NSD</subfield><subfield code="d">CNK</subfield><subfield code="d">OCLCQ</subfield><subfield code="d">CNK</subfield><subfield code="d">OCLCQ</subfield><subfield code="d">OCLCF</subfield><subfield code="d">OCLCO</subfield></datafield><datafield ind1=" " ind2=" " tag="012"><subfield code="j">2</subfield><subfield code="k">1</subfield><subfield code="m">d</subfield></datafield><datafield ind1="1" ind2=" " tag="022"><subfield code="a">8750-5002</subfield><subfield code="l">8750-5002</subfield><subfield code="2">1</subfield></datafield><datafield ind1="1" ind2=" " tag="029"><subfield code="a">AU@</subfield><subfield code="b">000020343927</subfield></datafield><datafield ind1=" " ind2=" " tag="037"><subfield code="b">The Amador Progress-News, 22 E. Main St., P.O. Box 606, Ione, CA 95640</subfield></datafield><datafield ind1=" " ind2=" " tag="042"><subfield code="a">nsdp</subfield><subfield code="a">pcc</subfield></datafield><datafield ind1=" " ind2="4" tag="222"><subfield code="a">The Amador progress news and the Ione Valley echo</subfield></datafield><datafield ind1="0" ind2="0" tag="245"><subfield code="a">Amador progress news and the Ione Valley echo.</subfield></datafield><datafield ind1=" " ind2=" " tag="260"><subfield code="a">Ione, Calif. :</subfield><subfield code="b">M.C. &amp; P.B. Bohl</subfield></datafield><datafield ind1=" " ind2=" " tag="300"><subfield code="a">v.</subfield></datafield><datafield ind1=" " ind2=" " tag="310"><subfield code="a">Triweekly (except semiweekly on holiday weeks)</subfield></datafield><datafield ind1=" " ind2=" " tag="321"><subfield code="a">Weekly,</subfield><subfield code="b">Jan. 7, 1981-Oct. 31, 1984</subfield></datafield><datafield ind1=" " ind2=" " tag="321"><subfield code="a">Semiweekly (except for national holidays)</subfield><subfield code="b">Nov. 7, 1984-</subfield></datafield><datafield ind1="0" ind2=" " tag="362"><subfield code="a">Vol. 34, no. 9 (Feb. 28,1979)-v. 46, no. 15 (June 5, 1989).</subfield></datafield><datafield ind1=" " ind2=" " tag="500"><subfield code="a">Published with the corresponding day of the week preceding the title, Nov. 7, 1984-&lt;Apr. 25, 1986&gt;.</subfield></datafield><datafield ind1=" " ind2=" " tag="530"><subfield code="a">Master negatives are available for duplication from:</subfield><subfield code="b">California Newspaper Microfilm Archive;</subfield><subfield code="c">positive copies may be purchased by the reel; for further information consult the CNMA at:</subfield><subfield code="u">http://cbsr.ucr.edu</subfield></datafield><datafield ind1=" " ind2=" " tag="580"><subfield code="a">Content is identical to the Amador ledger and the Amador record, and the Amador dispatch, Nov. 7, 1984-June 5, 1989; these merged to form: Amador ledger-dispatch.</subfield></datafield><datafield ind1=" " ind2="0" tag="651"><subfield code="a">Amador County (Calif.)</subfield><subfield code="v">Newspapers.</subfield></datafield><datafield ind1=" " ind2="7" tag="655"><subfield code="a">Newspapers.</subfield><subfield code="2">fast</subfield><subfield code="0">(OCoLC)fst01423814</subfield></datafield><datafield ind1=" " ind2="7" tag="651"><subfield code="a">California</subfield><subfield code="z">Amador County.</subfield><subfield code="2">fast</subfield><subfield code="0">(OCoLC)fst01205775</subfield></datafield><datafield ind1=" " ind2=" " tag="752"><subfield code="a">United States</subfield><subfield code="b">California</subfield><subfield code="c">Amador</subfield><subfield code="d">Ione.</subfield></datafield><datafield ind1="0" ind2="4" tag="780"><subfield code="t">Amador progress-news</subfield><subfield code="w">(DLC)sn2007060125</subfield></datafield><datafield ind1="0" ind2="4" tag="780"><subfield code="t">Ione Valley echo</subfield><subfield code="w">(DLC)sn 85066431</subfield></datafield><datafield ind1="1" ind2="7" tag="785"><subfield code="t">Amador ledger and the Amador record</subfield><subfield code="x">1042-7619</subfield><subfield code="w">(DLC)sn 89007719</subfield><subfield code="w">(OCoLC)19134832</subfield></datafield><datafield ind1="1" ind2="7" tag="785"><subfield code="t">Amador dispatch</subfield><subfield code="x">8750-5010</subfield><subfield code="w">(DLC)sn 84002124</subfield><subfield code="w">(OCoLC)11479886</subfield></datafield><datafield ind1="1" ind2="7" tag="785"><subfield code="t">Amador ledger-dispatch</subfield><subfield code="x">1045-8336</subfield><subfield code="w">(DLC)sn 89003905</subfield><subfield code="w">(OCoLC)20273815</subfield></datafield><datafield ind1=" " ind2=" " tag="936"><subfield code="a">Vol 45, no 193 (Friday, Jan. 6, 1989) LIC</subfield></datafield></record>